<collection xmlns="http://www.loc.gov/MARC21/slim">
<record>
  <leader>01605nam0a22002891i 450 </leader>
  <controlfield tag="001">IT\ICCU\CNCE\026042</controlfield>
  <controlfield tag="005">20190829000000.0</controlfield>
  <datafield tag="012" ind1=" " ind2=" ">
    <subfield code="a">biar pooc viuc &amp;cne (3) 1561 (R)</subfield>
    <subfield code="2">fei</subfield>
  </datafield>
  <datafield tag="100" ind1=" " ind2=" ">
    <subfield code="a">19971008d1561        0itac0103    ba</subfield>
  </datafield>
  <datafield tag="101" ind1=" " ind2=" ">
    <subfield code="a">LAT</subfield>
  </datafield>
  <datafield tag="102" ind1=" " ind2=" ">
    <subfield code="a">IT</subfield>
  </datafield>
  <datafield tag="200" ind1="1" ind2=" ">
    <subfield code="a">℗Caroli Ruyni Regien. ... ℗Acutissima repetitio ad legem Cum filio familias. ff. de leg. primo. Cui nouiter ad studiosorum omnium vtilitatem copiosissima summaria accesserunt</subfield>
  </datafield>
  <datafield tag="210" ind1=" " ind2=" ">
    <subfield code="a">Bononiae</subfield>
    <subfield code="c">Peregrinus Bonardus excudebat</subfield>
    <subfield code="d">1561</subfield>
    <subfield code="e">Bononiae</subfield>
    <subfield code="g">apud Peregrinum Bonardum</subfield>
    <subfield code="h">1561</subfield>
  </datafield>
  <datafield tag="215" ind1=" " ind2=" ">
    <subfield code="a">16 c.</subfield>
    <subfield code="d">fol</subfield>
  </datafield>
  <datafield tag="620" ind1=" " ind2=" ">
    <subfield code="a">IT</subfield>
    <subfield code="d">Bologna</subfield>
  </datafield>
  <datafield tag="700" ind1=" " ind2="1">
    <subfield code="a">Ruini,</subfield>
    <subfield code="b">Carlo</subfield>
    <subfield code="c"> &lt;1456-1530&gt;</subfield>
    <subfield code="3">IT\ICCU\CNCA\006693</subfield>
  </datafield>
  <datafield tag="712" ind1="0" ind2="0">
    <subfield code="a">Bonardo, Pellegrino</subfield>
    <subfield code="3">IT\ICCU\CNCT\000668</subfield>
    <subfield code="4">650</subfield>
  </datafield>
  <datafield tag="790" ind1=" " ind2="1">
    <subfield code="a">Ruinus,</subfield>
    <subfield code="b">Carolus</subfield>
    <subfield code="3">IT\ICCU\CNCA\023517</subfield>
    <subfield code="z">Ruini, Carlo &lt;1456-1530&gt;</subfield>
  </datafield>
  <datafield tag="790" ind1=" " ind2="1">
    <subfield code="a">Ruino,</subfield>
    <subfield code="b">Carlo</subfield>
    <subfield code="3">IT\ICCU\CNCA\023518</subfield>
    <subfield code="z">Ruini, Carlo &lt;1456-1530&gt;</subfield>
  </datafield>
  <datafield tag="791" ind1="0" ind2="0">
    <subfield code="a">Bonardus, Peregrinus</subfield>
    <subfield code="3">IT\ICCU\CNCT\004433</subfield>
    <subfield code="z">Bonardo, Pellegrino</subfield>
  </datafield>
  <datafield tag="801" ind1=" " ind2="3">
    <subfield code="a">IT</subfield>
    <subfield code="b">ICCU</subfield>
    <subfield code="c">20201114</subfield>
  </datafield>
  <datafield tag="899" ind1=" " ind2=" ">
    <subfield code="a">Biblioteca estera - Biblioteca Universidad Complutense de Madrid. Madrid</subfield>
    <subfield code="1">AA0002</subfield>
  </datafield>
  <datafield tag="899" ind1=" " ind2=" ">
    <subfield code="a">Biblioteca Diocesana Mons. Giuliano Agresti. Lucca</subfield>
    <subfield code="1">LU0023</subfield>
    <subfield code="2">PBE 86</subfield>
  </datafield>
  <datafield tag="899" ind1=" " ind2=" ">
    <subfield code="a">Biblioteca comunale Valentiniana. Camerino</subfield>
    <subfield code="1">MC0004</subfield>
    <subfield code="2">UMC BV</subfield>
  </datafield>
  <datafield tag="899" ind1=" " ind2=" ">
    <subfield code="a">Biblioteca nazionale centrale. Roma</subfield>
    <subfield code="1">RM0267</subfield>
    <subfield code="2">BVE CR</subfield>
  </datafield>
  <datafield tag="911" ind1=" " ind2=" ">
    <subfield code="a">Sul front.</subfield>
    <subfield code="9">IT\ICCU\CNCM\000606</subfield>
  </datafield>
  <datafield tag="921" ind1=" " ind2=" ">
    <subfield code="a">IT\ICCU\CNCM\000606</subfield>
    <subfield code="b">Mostro in forma di donna, con ali, zampe e coda di leone, all&apos;interno di una cornice rotonda.</subfield>
    <subfield code="e">Nequicquam sapit qui sibi non sapit.</subfield>
    <subfield code="c">V12</subfield>
    <subfield code="c">Z880</subfield>
    <subfield code="d">Dimensioni: 6 x 7,5</subfield>
    <subfield code="f">ALI</subfield>
    <subfield code="f">DONNA</subfield>
    <subfield code="f">MOSTRO</subfield>
    <subfield code="f">NEQUICQUAM</subfield>
    <subfield code="f">ZAMPE</subfield>
    <subfield code="g">1560-1568</subfield>
  </datafield>
</record>
</collection>
